2335 3624
359 269 691 42 4                       NOTABLE
1092 268 139 43 MEN
1264 268 79 42 OF
1377 269 227 42 WALES.

360 404 157 28 grains
539 405 52 28 of
617 405 107 29 gold
747 391 108 43 dust
875 392 63 58 by
959 407 181 27 patient
1174 393 225 42 industry.
1485 393 247 52 Together,
1755 393 69 43 for
1859 409 27 28 a
1922 395 88 43 few

359 467 146 39 years,
522 455 81 40 the
627 469 395 39 companionship,
1042 456 42 40 if
1101 455 39 40 it
1161 470 133 26 could
1316 455 56 41 be
1397 471 146 25 called
1566 469 129 39 such,
1713 455 171 54 lasted;
1916 472 92 28 and

359 517 117 39 then
509 528 170 28 amidst
722 519 128 39 trade
893 531 289 25 vicissitudes
1221 515 195 42 Morgan
1454 531 186 38 retired,
1663 531 91 27 and
1778 517 232 43 Stephens

358 574 145 44 found
546 576 193 42 himself
776 592 111 26 with
929 592 28 27 a
999 592 130 26 great
1171 577 177 42 burden
1397 592 50 27 of
1490 577 263 43 difficulties
1791 580 216 42 installed

358 637 50 41 in
433 637 71 42 his
528 651 143 29 stead.
738 638 58 42 So
819 639 151 41 began
992 643 80 37 the
1097 653 207 27 struggle
1324 654 11 36 ;
1369 653 90 28 and
1481 643 81 37 the
1586 653 124 43 story
1731 655 51 27 of
1810 641 197 41 Thomas

358 699 243 17 Stephens'
623 699 80 43 life
726 715 88 27 was
836 700 239 42 fashioned
1106 716 83 26 out
1220 715 51 27 of
1303 704 81 39 the
1422 715 251 27 persistent
1696 716 133 27 effort
1849 706 48 39 to
1919 718 88 28 put

356 760 195 42 himself
566 775 141 28 above
742 765 81 39 the
857 777 268 27 necessities
1161 777 50 26 of
1239 762 96 52 life,
1357 766 49 38 to
1441 777 76 27 aid
1551 763 49 41 in
1639 766 80 38 the
1745 778 136 28 social
1914 781 89 26 and

355 822 292 42 intellectual
685 837 209 28 progress
930 839 50 26 of
1017 827 81 39 the
1135 827 137 49 town,
1306 839 89 26 and
1440 838 47 27 at
1526 827 79 38 the
1646 838 123 28 same
1803 829 114 39 time
1958 831 53 38 to

354 896 168 29 gather
531 899 188 27 wisdom
741 899 91 28 and
854 900 168 27 scatter
1042 886 61 40 its
1115 900 139 26 reflex
1265 900 174 27 around
1463 900 123 26 upon
1609 885 71 42 his
1715 901 286 29 generation.

417 945 284 58 Principally
722 946 118 43 from
862 962 211 27 personal
1096 946 267 42 knowledge
1388 961 90 27 and
1515 950 80 38 the
1618 962 199 28 analysis
1851 963 51 27 of
1928 949 74 43 his

352 1021 134 29 great
508 1022 135 39 work,
657 1011 80 40 the
761 1011 302 40 "Literature
1088 1024 49 27 of
1155 1012 79 38 the
1248 1009 219 17 Kymry,"
1479 1009 62 41 let
1567 1023 52 27 us
1643 1024 100 28 now
1765 1025 201 28 attempt
1978 1027 25 27 a

351 1069 285 42 delineation
659 1085 51 26 of
737 1073 80 40 the
841 1085 108 27 man
972 1086 90 27 and
1084 1075 81 37 the
1188 1085 179 27 author.

414 1130 100 43 One
572 1146 200 43 striking
823 1147 142 27 phase
1009 1148 51 26 of
1108 1132 197 41 Thomas
1351 1132 241 15 Stephens'
1643 1147 233 28 character
1915 1149 86 26 was

350 1191 227 44 Honesty.
644 1193 47 41 It
713 1208 210 28 stamped
945 1194 73 42 his
1043 1208 137 27 social
1203 1208 166 38 career,
1393 1208 90 27 and
1521 1208 88 25 was
1647 1194 261 43 illustrated
1941 1196 62 56 by

349 1268 278 45 everything
649 1255 58 42 he
731 1271 152 27 wrote.
949 1255 73 43 He
1046 1271 139 26 never
1206 1254 177 43 formed
1406 1271 56 25 an
1488 1269 188 28 opinion
1715 1270 49 27 or
1795 1272 26 26 a
1844 1257 155 52 belief,

347 1331 91 27 and
472 1319 115 38 then
630 1328 250 31 ransacked
923 1322 81 38 the
1047 1318 189 55 literary
1281 1332 137 26 world
1461 1320 48 38 to
1564 1331 190 28 support
1796 1319 65 51 it;
1915 1319 81 42 but

348 1391 261 42 studiously
632 1392 231 39 searched,
887 1379 248 56 diligently
1159 1394 125 36 read,
1298 1393 91 26 and
1412 1381 80 38 the
1516 1392 145 27 result
1684 1393 87 26 was
1796 1380 71 39 his
1891 1394 110 18 esti¬

346 1453 141 39 mate,
510 1442 49 38 to
582 1454 147 26 which
752 1440 58 42 he
833 1444 287 53 tenaciously
1142 1455 155 26 clung.

409 1500 123 42 Note
555 1500 72 42 his
651 1515 130 43 essay
803 1517 58 26 on
885 1501 178 44 Madoc.
1146 1501 230 41 Stephens
1400 1516 87 26 was
1510 1514 27 28 a
1559 1499 286 45 Welshman.
1911 1502 88 41 His

346 1578 196 41 country
564 1562 106 43 bore
694 1567 81 39 the
800 1564 242 42 Madocian
1065 1579 172 26 wreath
1269 1578 52 26 of
1349 1563 190 42 honour.
1604 1561 95 43 Not
1734 1563 155 54 Spain,
1913 1565 86 41 but

346 1624 154 42 Wales
524 1640 196 27 claimed
755 1628 80 39 the
874 1640 148 28 praise
1061 1640 50 27 of
1139 1625 96 42 first
1271 1625 289 57 discovering
1591 1624 224 44 America.
1899 1626 100 43 The

341 1700 208 39 essayist,
572 1690 80 39 the
676 1687 238 53 historian,
938 1703 90 27 and
1050 1691 82 38 the
1154 1688 113 40 bard
1288 1686 91 42 had
1403 1701 248 26 supported
1667 1690 132 39 these
1823 1703 177 37 claims,

344 1764 92 26 and
459 1748 154 42 Wales
636 1764 148 27 would
808 1749 111 42 hear
940 1765 51 27 of
1007 1765 200 42 nothing
1230 1750 49 40 in
1294 1763 274 26 opposition.
1633 1747 95 42 But
1752 1749 248 44 Stephens,,

343 1825 120 27 after
484 1810 199 42 diligent
708 1825 313 28 examination
1045 1826 50 27 of
1112 1827 290 35 authorities,
1426 1826 172 24 careful
1638 1824 164 44 sifting
1824 1826 50 26 of
1901 1826 96 17 evi¬

343 1872 161 54 dence,
528 1888 127 27 came
679 1877 48 38 to
750 1888 26 27 a
799 1889 211 41 contrary
1032 1888 280 37 conclusion,
1335 1887 92 27 and
1449 1876 182 36 though
1655 1871 72 43 his
1751 1872 122 43 fame
1896 1889 47 26 as
1967 1888 26 28 a

342 1949 149 43 rising
508 1949 166 26 author
696 1950 89 26 was
807 1935 49 42 in
886 1934 241 54 jeopardy,
1166 1935 59 41 he
1264 1950 169 40 openly
1476 1949 181 26 avowed
1693 1934 72 41 his
1789 1950 208 37 opinion,

341 2011 94 26 and
458 2011 132 26 alone
615 1996 148 41 defied
785 2000 82 38 the
891 2012 152 27 world.

403 2057 60 43 So
495 2072 112 27 with
638 2057 252 42 Druidism.
968 2057 73 44 He
1084 2073 165 25 always
1300 2072 258 25 attributed
1601 2057 61 39 its
1706 2071 290 28 philosophic

338 2134 157 27 a*spect
518 2122 50 39 to
591 2118 96 43 Iolo
704 2135 91 26 and
814 2120 189 42 Edward
1021 2120 182 52 Davies,
1218 2134 50 27 of
1276 2122 81 39 the
1383 2121 195 38 "Keltic
1596 2116 318 21 Researches."
1948 2119 45 39 It-

339 2196 90 28 was
452 2196 61 27 no
535 2180 192 43 fanciful
751 2197 253 26 opposition
1041 2197 50 26 of
1119 2182 86 41 his.
1270 2180 143 56 Many
1437 2180 110 57 long
1569 2194 91 27 and
1684 2194 146 43 weary
1854 2181 138 41 hours

338 2243 60 42 he
433 2258 114 26 gave
571 2246 49 39 to
642 2246 80 39 the
759 2258 194 38 subject,
988 2259 91 25 and
1116 2243 71 42 his
1232 2258 264 25 conclusion
1535 2256 101 37 was,
1659 2244 104 39 that
1798 2257 123 27 upon
1964 2258 27 28 a

336 2305 123 43 little
478 2320 284 26 substratum
786 2320 50 26 of
853 2304 93 43 fact
967 2305 91 41 had
1080 2304 118 42 been
1216 2319 183 27 erected
1421 2317 140 27 much
1575 2306 104 39 that
1701 2318 86 26 was
1802 2305 190 56 illusory

336 2382 93 28 and
452 2366 207 43 fanciful.

399 2430 98 42 The
522 2444 125 42 early
671 2429 176 56 history
870 2444 50 26 of
946 2443 27 28 a
995 2444 195 41 country
1212 2428 59 43 he
1295 2427 186 43 likened
1503 2429 49 40 to
1574 2430 81 39 the
1677 2442 148 28 youth
1850 2443 50 27 of
1928 2443 58 27 an

337 2491 276 54 individual,
625 2506 91 26 and
738 2491 59 41 he
821 2506 59 26 no
903 2505 124 28 more
1044 2491 210 42 believed
1275 2491 49 41 in
1338 2494 82 39 the
1436 2505 230 27 existence
1691 2504 50 27 of
1758 2505 233 27 advanced

338 2570 280 25 civilization
642 2554 48 41 in
713 2556 81 38 the
818 2567 125 42 early
966 2552 79 43 life
1068 2568 51 26 of
1135 2568 27 27 a
1183 2568 163 27 people
1361 2556 115 38 than
1499 2552 48 41 in
1565 2554 124 39 their
1702 2551 115 42 high
1840 2566 151 18 philo¬

338 2632 160 26 sophic
521 2630 180 27 culture
724 2629 51 27 at
796 2630 26 27 a
845 2630 174 26 similar
1042 2629 128 28 stage
1195 2630 50 26 of
1271 2618 124 38 their
1417 2629 192 26 growth.

397 2677 88 43 His
531 2679 28 22 "
576 2677 262 41 Literature
853 2691 51 26 of
941 2680 81 38 the
1046 2677 213 17 Kymry"
1281 2691 206 28 abounds
1510 2690 111 26 with
1643 2690 150 27 proofs
1824 2690 51 27 of
1912 2675 73 42 his

338 2740 209 41 honesty.
612 2738 75 43 He
709 2754 149 27 would
882 2753 135 28 stand
1039 2738 49 42 in
1105 2753 61 28 no
1186 2738 230 42 borrowed
1438 2753 197 37 plumes,
1658 2751 83 27 nor
1762 2751 226 43 willingly

334 2817 168 27 should
525 2802 72 42 his
620 2816 209 27 country.
894 2800 62 43 As
978 2800 59 43 he
1061 2815 112 28 once
1208 2815 243 27 expressed
1477 2804 50 37 to
1549 2814 53 26 us
1619 2815 10 26 :
1665 2801 28 21 "
1710 2798 154 42 Wales
1898 2814 87 26 was

333 2879 220 26 endowed
577 2878 111 27 with
712 2878 230 25 sufficient
963 2865 104 40 true
1090 2877 236 27 greatness
1349 2865 48 39 to
1418 2862 57 43 be
1498 2861 318 42 independent
1837 2875 50 27 of
1904 2863 81 40 the

329 2926 225 41 fictitious
576 2941 91 27 and
690 2928 82 39 the
795 2939 203 2 unreal."

396 2989 62 42 As
482 2993 81 37 the
588 3003 154 27 severe
767 3002 130 27 critic
919 3001 209 27 analyses
1163 3001 196 27 without
1380 3001 188 26 a-throb
1603 2999 50 27 of
1683 2999 230 37 emotion;
1936 2998 52 29 as

330 3054 82 40 the
437 3067 161 25 skilful
633 3065 199 27 surgeon
866 3049 131 42 bares
1035 3052 81 39 the
1151 3063 199 27 muscles
1385 3063 112 27 with
1534 3062 286 42 unfaltering
1843 3046 141 54 hand,

330 3128 50 26 so
447 3113 231 41 Stephens
735 3126 290 26 ap]^roached
1081 3125 116 27 even
1261 3124 85 28 our
1412 3125 123 26 most
1589 3124 243 26 cherished
1890 3123 93 27 and

327 3178 240 39 treasured
616 3174 209 53 legends,
858 3188 93 27 and
996 3173 228 42 dissected
1269 3175 146 40 them.
1500 3170 124 42 That
1655 3184 50 27 of
1747 3169 233 42 Llywelyn

328 3253 92 27 and
466 3238 73 41 his
586 3236 161 43 hound
791 3235 70 42 for
906 3236 223 42 instance.
1215 3234 74 44 He
1344 3249 87 27 was
1485 3248 84 26 not
1622 3246 203 28 satisfied
1869 3246 112 27 with

324 3300 186 59 finding
533 3313 163 28 earlier
727 3314 180 27 records
942 3313 50 27 of
1019 3313 163 27 canine
1216 3297 232 54 devotion,
1471 3311 113 26 such
1616 3310 48 26 as
1699 3298 104 38 that
1823 3308 50 29 of
1900 3297 81 40 the
